<record><leader>00000cas a22000007a 4500</leader><controlfield tag="001">16053193</controlfield><controlfield tag="008">870623d1970197uinuwr ne      0    0eng d</controlfield><datafield ind1=" " ind2=" " tag="010"><subfield code="a">sn 87056134 </subfield></datafield><datafield ind1=" " ind2=" " tag="040"><subfield code="a">NPI</subfield><subfield code="b">eng</subfield><subfield code="c">NPI</subfield><subfield code="d">OCLCQ</subfield></datafield><datafield ind1=" " ind2=" " tag="042"><subfield code="a">msc</subfield></datafield><datafield ind1="0" ind2="4" tag="245"><subfield code="a">The Speedway flyer-journal.</subfield></datafield><datafield ind1=" " ind2=" " tag="260"><subfield code="a">Speedway, Ind. :</subfield><subfield code="b">James T. O'Neal, Jr.,</subfield><subfield code="c">1970-</subfield></datafield><datafield ind1=" " ind2=" " tag="310"><subfield code="a">Weekly</subfield></datafield><datafield ind1="0" ind2=" " tag="362"><subfield code="a">Vol. 38, no. 13 (Apr. 16, 1970)-</subfield></datafield><datafield ind1=" " ind2=" " tag="752"><subfield code="a">United States</subfield><subfield code="b">Indiana</subfield><subfield code="c">Marion</subfield><subfield code="d">Speedway.</subfield></datafield><datafield ind1=" " ind2=" " tag="752"><subfield code="a">United States</subfield><subfield code="b">Indiana</subfield><subfield code="c">Marion</subfield><subfield code="d">Indianapolis.</subfield></datafield><datafield ind1="0" ind2="0" tag="780"><subfield code="t">Speedway flyer</subfield><subfield code="w">(DLC)sn 87056650</subfield></datafield></record>